
@Article{deBruijn:dummies,
  author = 	 {Nicolas G. de~Bruijn},
  title = 	 "{Lambda Calculus notation with nameless dummies: a tool for automatic formula manipulation}",
  journal = 	 {Indagationes Mathematic{\ae}},
  year = 	 {1972},
  OPTkey = 	 {},
  volume =	 {34},
  OPTnumber = 	 {},
  pages =	 {381--392},
  OPTmonth = 	 {},
  OPTnote = 	 {},
  OPTannote = 	 {}
}

@article{martinloef:atheoryoftypes,
  title={{A theory of types}},
  author={Martin-L{\"o}f, Per},
  journal={Unpublished manuscript},
  year={1971}
}

@article{DBLP:journals/toplas/PierceT00,
  author    = {Benjamin C. Pierce and
               David N. Turner},
  title     = {Local type inference},
  journal   = {{ACM} Trans. Program. Lang. Syst.},
  volume    = {22},
  number    = {1},
  pages     = {1--44},
  year      = {2000},
  timestamp = {Wed, 26 Nov 2003 14:26:46 +0100},
  biburl    = {http://dblp.uni-trier.de/rec/bib/journals/toplas/PierceT00},
  bibsource = {dblp computer science bibliography, http://dblp.org}
}
